@article{https://doi.org/10.13140/rg.2.2.35062.83522,
  doi = {10.13140/RG.2.2.35062.83522},
  url = {http://rgdoi.net/10.13140/RG.2.2.35062.83522},
  author = {Duarte-Ortiz,  César and {Sao Leija} and Flores,  Freddy},
  language = {es},
  title = {Geodésicas en la métrica de Schwarzschild,  una solución numérica},
  publisher = {Unpublished},
  year = {2020}
}
@BOOK{Carroll2003-pa,
  title     = "Spacetime and geometry",
  author    = "Carroll, Sean",
  publisher = "Pearson Education",
  month     =  sep,
  year      =  2003,
  address   = "Philadelphia, PA",
  language  = "en"
}
